<?xml version="1.0" encoding="utf-8"?>
<record xmlns="http://www.loc.gov/MARC21/slim" xmlns:xsi="http://www.w3.org/2001/XMLSchema-instance" xsi:schemaLocation="http://www.loc.gov/MARC21/slim http://www.loc.gov/standards/marcxml/schema/MARC21slim.xsd">
	<leader>     nam a22        4500</leader>
	<controlfield tag="001">b12491913</controlfield>
	<controlfield tag="003">LeBAU</controlfield>
	<controlfield tag="006">m        d        </controlfield>
	<controlfield tag="007">cr cn |||m|||a</controlfield>
	<controlfield tag="008">161219s1903    le      o     000 0 ara d</controlfield>
	<datafield ind1=" " ind2=" " tag="040">
		<subfield code="a">NNU</subfield>
		<subfield code="b">ara</subfield>
		<subfield code="e">rda</subfield>
		<subfield code="c">NNU</subfield>
	</datafield>
	<datafield ind1="0" ind2="4" tag="082">
		<subfield code="a">492.75</subfield>
		<subfield code="2">22</subfield>
	</datafield>
	<datafield ind1="1" ind2=" " tag="100">
		<subfield code="6">880-01</subfield>
		<subfield code="a">Khayr Allāh, Ẓāhir,</subfield>
		<subfield code="e">author.</subfield>
	</datafield>
	<datafield ind1="1" ind2="0" tag="245">
		<subfield code="6">880-02</subfield>
		<subfield code="a">Risālat al-maf‘ulah ;</subfield>
		<subfield code="b">wa-yalīhā Maṭlab inqisām jumū‘ al-taksīr ilá mā yushtarak bayn dhī al-ḥayāh wa-ghayrihi wa-mā yakhtaṣṣu bi-dhī al-ḥayāh ; [wa-yalīhā] Risālat Jayyid ; wa-yalīhā Maṭlab al-Fa‘lān bi-fatḥ al-fā’ wa-al-‘ayn wa-al-fu‘lān wa-al-fi‘lān wa-al-fa‘lān bi-sukūn al-‘ayn wa-ḍamm al-fā’ wa-kasrihá wa-fatḥihā.</subfield>
		<subfield code="c">تأليف ظاهر خير الله الشويري.</subfield>
	</datafield>
	<datafield ind1=" " ind2="1" tag="264">
		<subfield code="6">880-03</subfield>
		<subfield code="a">Bayrūt :</subfield>
		<subfield code="b">al-Maṭba‘ah al-Adabīyah,</subfield>
		<subfield code="c">1903.</subfield>
	</datafield>
	<datafield ind1=" " ind2=" " tag="300">
		<subfield code="6">880-04</subfield>
		<subfield code="a">online resource (32, 80 pages)</subfield>
	</datafield>
	<datafield ind1=" " ind2=" " tag="336">
		<subfield code="a">text</subfield>
		<subfield code="2">rdacontent</subfield>
	</datafield>
	<datafield ind1=" " ind2=" " tag="337">
		<subfield code="a">computer</subfield>
		<subfield code="2">rdamedia</subfield>
	</datafield>
	<datafield ind1=" " ind2=" " tag="338">
		<subfield code="a">online resource</subfield>
		<subfield code="2">rdacarrier</subfield>
	</datafield>
	<datafield ind1=" " ind2=" " tag="500">
		<subfield code="a">Part of the Arabic Collections Online (ACO) project, contributed by American University of Beirut's Jafet Memorial Library.</subfield>
	</datafield>
	<datafield ind1=" " ind2=" " tag="533">
		<subfield code="a">Electronic reproduction.</subfield>
		<subfield code="b">New York, N.Y. :</subfield>
		<subfield code="c">New York University,</subfield>
		<subfield code="d">2016.</subfield>
		<subfield code="5">NNU</subfield>
	</datafield>
	<datafield ind1=" " ind2="4" tag="650">
		<subfield code="a">اللغة العربية</subfield>
		<subfield code="x">قواعد.</subfield>
	</datafield>
	<datafield ind1=" " ind2="0" tag="650">
		<subfield code="a">Arabic language</subfield>
		<subfield code="x">Grammar.</subfield>
	</datafield>
	<datafield ind1="1" ind2="2" tag="700">
		<subfield code="6">880-05</subfield>
		<subfield code="a">Khayr Allāh, Ẓāhir.</subfield>
		<subfield code="t">Maṭlab inqisām jumū‘ al-taksīr ilá mā yushtarak bayn dhī al-ḥayāh wa-ghayrihi wa-mā yakhtaṣṣu bi-dhī al-ḥayāh.</subfield>
	</datafield>
	<datafield ind1="1" ind2="2" tag="700">
		<subfield code="6">880-06</subfield>
		<subfield code="a">Khayr Allāh, Ẓāhir.</subfield>
		<subfield code="t">Maṭlab al-Fa‘lān bi-fatḥ al-fā’ wa-al-‘ayn wa-al-fu‘lān wa-al-fi‘lān wa-al-fa‘lān bi-sukūn al-‘ayn wa-ḍamm al-fā’ wa-kasrihá wa-fatḥihā</subfield>
	</datafield>
	<datafield ind1="2" ind2=" " tag="710">
		<subfield code="a">Jafet Memorial Library.</subfield>
	</datafield>
	<datafield ind1="0" ind2=" " tag="730">
		<subfield code="a">Arabic Collections Online.</subfield>
	</datafield>
	<datafield ind1="0" ind2="8" tag="776">
		<subfield code="i">Print version:</subfield>
		<subfield code="a">Khayr Allāh, Ẓāhir, author.</subfield>
		<subfield code="t">Risālat al-maf‘ulah ;</subfield>
		<subfield code="w">(LeBAU)b12491913</subfield>
	</datafield>
	<datafield ind1="4" ind2="0" tag="856">
		<subfield code="u">http://hdl.handle.net/2333.1/dbrv19r5</subfield>
	</datafield>
	<datafield ind1="1" ind2=" " tag="880">
		<subfield code="6">100-01/(3/r</subfield>
		<subfield code="a">خير الله، ظاهر،</subfield>
		<subfield code="e">مؤلف. </subfield>
		<subfield code="4">aut.</subfield>
	</datafield>
	<datafield ind1="1" ind2="0" tag="880">
		<subfield code="6">245-02/(3/r</subfield>
		<subfield code="a">رسالة المفعلة ؛</subfield>
		<subfield code="b">ويليها مطلب انقسام جموع التكسير الى ما يشترك بين ذي الحياة وغيره وما يختص بذي الحياة ؛ [ويليها] رسالة جيّد ؛ ويليها مطلب الفعلان بفتح الفاء و العين و الفعلان و الفعلان و الفعلان بسكون العين وضمّ الفاء وكسرها وفتحها /</subfield>
	</datafield>
	<datafield ind1=" " ind2="1" tag="880">
		<subfield code="6">264-03/(3/r</subfield>
		<subfield code="a">بيروت :</subfield>
		<subfield code="b">المطبعة الأدبية،</subfield>
		<subfield code="c">1903.</subfield>
	</datafield>
	<datafield ind1=" " ind2=" " tag="880">
		<subfield code="6">300-04/(3/r</subfield>
		<subfield code="a">32، 80 صفحة ؛</subfield>
		<subfield code="c">19 سم</subfield>
	</datafield>
	<datafield ind1="1" ind2="2" tag="880">
		<subfield code="6">700-05/(3/r</subfield>
		<subfield code="a">خير الله، ظاهر.</subfield>
		<subfield code="t">مطلب انقسام جموع التكسير الى ما يشترك بين ذي الحياة وغيره وما يختص بذي الحياة.</subfield>
	</datafield>
	<datafield ind1="1" ind2="2" tag="880">
		<subfield code="6">700-06/(3/r</subfield>
		<subfield code="a">خير الله، ظاهر.</subfield>
		<subfield code="t">مطلب الفعلان بفتح الفاء والعين والفُعلان والفِعلان والفعْلان بسكون العين وضمّ الفاء وكسرها وفتحها</subfield>
	</datafield>
	<datafield ind1=" " ind2=" " tag="959">
		<subfield code="a">NNU</subfield>
		<subfield code="b">WEB</subfield>
		<subfield code="c">GENI</subfield>
		<subfield code="t">0</subfield>
		<subfield code="m">Electronic access</subfield>
		<subfield code="s">01</subfield>
	</datafield>
	<datafield ind1=" " ind2=" " tag="999">
		<subfield code="i">LeBAU_b12491913</subfield>
		<subfield code="s">aub_aco000395</subfield>
		<subfield code="e">(ERROR-MISC)</subfield>
	</datafield>
</record>
